<?xml version="1.0" encoding="UTF-8" ?><marc:collection xmlns:marc="http://www.loc.gov/MARC21/slim" xmlns:xsi="http://www.w3.org/2001/XMLSchema-instance" xsi:schemaLocation="http://www.loc.gov/MARC21/slim http://www.loc.gov/standards/marcxml/schema/MARC21slim.xsd">
<marc:record><marc:leader>03810cz  a2200721n  4500</marc:leader>
<marc:controlfield tag="001">tgn7001371</marc:controlfield>
<marc:controlfield tag="005">20180224045429.0</marc:controlfield><marc:controlfield tag="008">811210|| azznnaabn          |b anc      </marc:controlfield><marc:datafield tag="024" ind1="7" ind2=" "><marc:subfield code="a">https://lccn.loc.gov/n81126877</marc:subfield><marc:subfield code="2">uri</marc:subfield></marc:datafield><marc:datafield tag="024" ind1="7" ind2=" "><marc:subfield code="a">n81126877</marc:subfield><marc:subfield code="2">lcnaf</marc:subfield></marc:datafield><marc:datafield tag="024" ind1="7" ind2=" "><marc:subfield code="a">http://vocab.getty.edu/tgn/7001371</marc:subfield><marc:subfield code="2">uri</marc:subfield></marc:datafield><marc:datafield tag="024" ind1="7" ind2=" "><marc:subfield code="a">7001371</marc:subfield><marc:subfield code="2">tgn</marc:subfield></marc:datafield><marc:datafield tag="034" ind1=" " ind2=" "><marc:subfield code="d">E0351400</marc:subfield><marc:subfield code="e">E0351400</marc:subfield><marc:subfield code="f">N0314600</marc:subfield><marc:subfield code="g">N0314600</marc:subfield><marc:subfield code="2">geonames</marc:subfield></marc:datafield><marc:datafield tag="034" ind1=" " ind2=" "><marc:subfield code="d">E0351400</marc:subfield><marc:subfield code="e">E0351400</marc:subfield><marc:subfield code="f">N0314600</marc:subfield><marc:subfield code="g">N0314600</marc:subfield><marc:subfield code="2">other</marc:subfield></marc:datafield><marc:datafield tag="034" ind1=" " ind2=" "><marc:subfield code="d">E0350507</marc:subfield><marc:subfield code="e">E0351547</marc:subfield><marc:subfield code="f">N0315257</marc:subfield><marc:subfield code="g">N0314231</marc:subfield><marc:subfield code="2">bound</marc:subfield></marc:datafield><marc:datafield tag="034" ind1=" " ind2=" "><marc:subfield code="d">E0350908</marc:subfield><marc:subfield code="e">E0351538</marc:subfield><marc:subfield code="f">N0315135</marc:subfield><marc:subfield code="g">N0314306</marc:subfield><marc:subfield code="2">bound</marc:subfield></marc:datafield><marc:datafield tag="034" ind1=" " ind2=" "><marc:subfield code="d">E0350507</marc:subfield><marc:subfield code="e">E0351555</marc:subfield><marc:subfield code="f">N0315258</marc:subfield><marc:subfield code="g">N0314234</marc:subfield><marc:subfield code="2">bound</marc:subfield></marc:datafield><marc:datafield tag="040" ind1=" " ind2=" "><marc:subfield code="a">DLC</marc:subfield><marc:subfield code="b">eng</marc:subfield><marc:subfield code="e">rda</marc:subfield><marc:subfield code="c">DLC</marc:subfield><marc:subfield code="d">DLC</marc:subfield><marc:subfield code="d">NjP</marc:subfield><marc:subfield code="d">DLC</marc:subfield><marc:subfield code="d">NjP</marc:subfield><marc:subfield code="d">DLC-S</marc:subfield><marc:subfield code="d">DLC</marc:subfield><marc:subfield code="d">WaU</marc:subfield><marc:subfield code="d">DLC-R</marc:subfield><marc:subfield code="d">DLC</marc:subfield><marc:subfield code="d">IEN</marc:subfield><marc:subfield code="d">DLC</marc:subfield><marc:subfield code="d">OCoLC</marc:subfield><marc:subfield code="d">DLC</marc:subfield><marc:subfield code="d">WaU</marc:subfield><marc:subfield code="d">ViHarT</marc:subfield></marc:datafield><marc:datafield tag="043" ind1=" " ind2=" "><marc:subfield code="a">a-is---</marc:subfield><marc:subfield code="a">awba---</marc:subfield></marc:datafield><marc:datafield tag="151" ind1=" " ind2=" "><marc:subfield code="a">Jerusalem (inhabited place)</marc:subfield></marc:datafield><marc:datafield tag="368" ind1=" " ind2=" "><marc:subfield code="b">Cities and towns</marc:subfield><marc:subfield code="b">Capitals (Cities)</marc:subfield><marc:subfield code="2">naf.</marc:subfield></marc:datafield><marc:datafield tag="370" ind1=" " ind2=" "><marc:subfield code="c">Israel</marc:subfield><marc:subfield code="c">State of Palestine (autonomous area)</marc:subfield><marc:subfield code="2">tgn.</marc:subfield></marc:datafield><marc:datafield tag="451" ind1=" " ind2=" "><marc:subfield code="w">nne</marc:subfield><marc:subfield code="a">Jerusalem.</marc:subfield></marc:datafield><marc:datafield tag="451" ind1=" " ind2=" "><marc:subfield code="a">Yerushalayim.</marc:subfield></marc:datafield><marc:datafield tag="451" ind1=" " ind2=" "><marc:subfield code="a">Jeruzalem.</marc:subfield></marc:datafield><marc:datafield tag="451" ind1=" " ind2=" "><marc:subfield code="a">Quds.</marc:subfield></marc:datafield><marc:datafield tag="451" ind1=" " ind2=" "><marc:subfield code="a">Ūrushalīm.</marc:subfield></marc:datafield><marc:datafield tag="451" ind1=" " ind2=" "><marc:subfield code="a">Kuds.</marc:subfield></marc:datafield><marc:datafield tag="451" ind1=" " ind2=" "><marc:subfield code="a">Kouds.</marc:subfield></marc:datafield><marc:datafield tag="451" ind1=" " ind2=" "><marc:subfield code="a">Erusaghēm.</marc:subfield></marc:datafield><marc:datafield tag="451" ind1=" " ind2=" "><marc:subfield code="a">Bayt al-Maqdis.</marc:subfield></marc:datafield><marc:datafield tag="451" ind1=" " ind2=" "><marc:subfield code="a">Jeruzsálem.</marc:subfield></marc:datafield><marc:datafield tag="451" ind1=" " ind2=" "><marc:subfield code="a">Jerusalem (Israel)</marc:subfield></marc:datafield><marc:datafield tag="451" ind1=" " ind2=" "><marc:subfield code="a">Jerusalem (Palestine)</marc:subfield></marc:datafield><marc:datafield tag="451" ind1=" " ind2=" "><marc:subfield code="a">ʻIriyat Yerushalayim.</marc:subfield></marc:datafield><marc:datafield tag="451" ind1=" " ind2=" "><marc:subfield code="a">Ierousalēm.</marc:subfield></marc:datafield><marc:datafield tag="451" ind1=" " ind2=" "><marc:subfield code="a">Gerusalemme.</marc:subfield></marc:datafield><marc:datafield tag="451" ind1=" " ind2=" "><marc:subfield code="a">Baladīyat al-Quds.</marc:subfield></marc:datafield><marc:datafield tag="451" ind1=" " ind2=" "><marc:subfield code="a">Baladīyat al-Quds al-ʻArabīyah.</marc:subfield></marc:datafield><marc:datafield tag="451" ind1=" " ind2=" "><marc:subfield code="a">Jerusalem Arab Municipality.</marc:subfield></marc:datafield><marc:datafield tag="451" ind1=" " ind2=" "><marc:subfield code="a">Qods (Jerusalem)</marc:subfield></marc:datafield><marc:datafield tag="451" ind1=" " ind2=" "><marc:subfield code="a">ירושלים</marc:subfield></marc:datafield><marc:datafield tag="451" ind1=" " ind2=" "><marc:subfield code="a">القدس</marc:subfield></marc:datafield><marc:datafield tag="451" ind1=" " ind2=" "><marc:subfield code="a">al-Quds.</marc:subfield></marc:datafield><marc:datafield tag="451" ind1=" " ind2=" "><marc:subfield code="a">قدس</marc:subfield></marc:datafield><marc:datafield tag="551" ind1=" " ind2=" "><marc:subfield code="a">Israel.</marc:subfield></marc:datafield><marc:datafield tag="551" ind1=" " ind2=" "><marc:subfield code="a">State of Palestine (autonomous area)</marc:subfield></marc:datafield><marc:datafield tag="667" ind1=" " ind2=" "><marc:subfield code="a">Non-Latin script references not evaluated.</marc:subfield></marc:datafield><marc:datafield tag="670" ind1=" " ind2=" "><marc:subfield code="a">ʻĀbidī, H. Miḥnat Bayt al-Maqdis, 1970:</marc:subfield><marc:subfield code="b">t.p. (Bayt al-Maqdis)</marc:subfield></marc:datafield><marc:datafield tag="670" ind1=" " ind2=" "><marc:subfield code="a">Rapcsányi, L. Jeruzsálem, 1984:</marc:subfield><marc:subfield code="b">t.p. (Jeruzsálem)</marc:subfield></marc:datafield><marc:datafield tag="670" ind1=" " ind2=" "><marc:subfield code="a">al-Quds, tārīkhīyan wa-fikrīyan, c1989:</marc:subfield><marc:subfield code="b">added t.p. (al-Qods)</marc:subfield></marc:datafield><marc:datafield tag="670" ind1=" " ind2=" "><marc:subfield code="a">Ḳomei, A. Gormim ha-mashpiʻim ʻal biḳush ha-mayim bi-Yerushalayim, 1969:</marc:subfield><marc:subfield code="b">t.p. (ʻIriyat Yerushalayim ha-Maḥlaḳah le-haspaḳat mayim)</marc:subfield></marc:datafield><marc:datafield tag="670" ind1=" " ind2=" "><marc:subfield code="a">Anthologio tēs Ierousalēm, 1994:</marc:subfield><marc:subfield code="b">t.p. (Ierousalēm)</marc:subfield></marc:datafield><marc:datafield tag="670" ind1=" " ind2=" "><marc:subfield code="a">Gerusalemme, 1996.</marc:subfield></marc:datafield><marc:datafield tag="670" ind1=" " ind2=" "><marc:subfield code="a">Dalīl lil-khidmāt wa-al-muʼassasāt, 1991:</marc:subfield><marc:subfield code="b">t.p. (Baladīyat al-Quds)</marc:subfield></marc:datafield><marc:datafield tag="670" ind1=" " ind2=" "><marc:subfield code="a">Baladīyat al-Quds al-ʻArabīyah, 1993:</marc:subfield><marc:subfield code="b">t.p. (Baladīyat al-Quds al-ʻArabīyah) t.p. verso (Jerusalem Arab Municipality)</marc:subfield></marc:datafield><marc:datafield tag="670" ind1=" " ind2=" "><marc:subfield code="a">Erusaghēm, 1940- :</marc:subfield><marc:subfield code="b">cover title.</marc:subfield></marc:datafield><marc:datafield tag="670" ind1=" " ind2=" "><marc:subfield code="a">Wikipedia, Jan. 28, 2008</marc:subfield><marc:subfield code="b">(Qods; Jerusalem, the largest city in Israel)</marc:subfield></marc:datafield><marc:datafield tag="670" ind1=" " ind2=" "><marc:subfield code="a">The world factbook, via WWW, September 10, 2015</marc:subfield><marc:subfield code="b">(under Israel: capital: Jerusalem: note - Israel proclaimed Jerusalem as its capital in 1950, but the US, like all other countries, maintains its embassy in Tel Aviv; geographic coordinates: 31 46 N, 35 14 E)</marc:subfield></marc:datafield><marc:datafield tag="670" ind1=" " ind2=" "><marc:subfield code="a">Wikipedia, September 10, 2015</marc:subfield><marc:subfield code="b">(Jerusalem (Hebrew: ירושלים = Yerushalayim; Arabic: القدس = al-Quds); one of the oldest cities in the world. Israelis and Palestinians both claim Jerusalem as their capital, as Israel maintains its primary governmental institutions there and the State of Palestine ultimately foresees it as its seat of power; however, neither claim is widely recognized internationally)</marc:subfield></marc:datafield><marc:datafield tag="670" ind1=" " ind2=" "><marc:subfield code="a">Getty TGN, 2018:</marc:subfield><marc:subfield code="b">online (Jerusalem (inhabited place))</marc:subfield><marc:subfield code="u">http://vocab.getty.edu/tgn/7001371.</marc:subfield></marc:datafield><marc:datafield tag="680" ind1=" " ind2=" "><marc:subfield code="i">First mentioned in Tell al-Amarna letters 1370 BCE; holy city of Jews, Christians and Muslims; viewed as international city by United Nations' partition of Palestine; after the 1948 war, the city was divided between Jordan and Israel; the entire city was claimed by Israel in 1967.</marc:subfield></marc:datafield><marc:datafield tag="781" ind1=" " ind2="0"><marc:subfield code="z">Jerusalem (inhabited place)</marc:subfield></marc:datafield></marc:record>
</marc:collection>
